<?xml version="1.0" encoding="UTF-8"?>
<collection xmlns="http://www.loc.gov/MARC21/slim">
  <record>
    <leader>01148cam a22002771u 4500</leader>
    <controlfield tag="001">62</controlfield>
    <controlfield tag="005">20140909180458.0</controlfield>
    <controlfield tag="008">851126s1908    maua          000 0 eng  </controlfield>
    <datafield tag="010" ind1=" " ind2=" ">
      <subfield code="a">   08031994 </subfield>
    </datafield>
    <datafield tag="035" ind1=" " ind2=" ">
      <subfield code="a">(CStRLIN)NYCX85B133302</subfield>
    </datafield>
    <datafield tag="035" ind1=" " ind2=" ">
      <subfield code="a">(NIC)notisAAA0060</subfield>
    </datafield>
    <datafield tag="035" ind1=" " ind2=" ">
      <subfield code="a">(OCoLC)5108869</subfield>
    </datafield>
    <datafield tag="035" ind1=" " ind2=" ">
      <subfield code="a">62</subfield>
    </datafield>
    <datafield tag="041" ind1="0" ind2=" ">
      <subfield code="a">engfre</subfield>
    </datafield>
    <datafield tag="050" ind1=" " ind2="4">
      <subfield code="a">KZ6020.2</subfield>
      <subfield code="b">1908</subfield>
    </datafield>
    <datafield tag="245" ind1="0" ind2="0">
      <subfield code="a">Texts of the peace conferences at the Hague, 1899 and 1907 :</subfield>
      <subfield code="b">with English translation and appendix of related documents /</subfield>
      <subfield code="c">ed., with an introduction, by James Brown Scott ... prefatory note by Elihu Root .</subfield>
    </datafield>
    <datafield tag="260" ind1=" " ind2=" ">
      <subfield code="a">Boston ;</subfield>
      <subfield code="a">London :</subfield>
      <subfield code="b">Pub. for the International School of Peace, Ginn &amp; Co.,</subfield>
      <subfield code="c">1908.</subfield>
    </datafield>
    <datafield tag="300" ind1=" " ind2=" ">
      <subfield code="a">xxxiv, 447 p. :</subfield>
      <subfield code="b">tables. ;</subfield>
      <subfield code="c">25 cm.</subfield>
    </datafield>
    <datafield tag="546" ind1=" " ind2=" ">
      <subfield code="a">English and French.</subfield>
    </datafield>
    <datafield tag="611" ind1="2" ind2="0">
      <subfield code="a">International Peace Conference</subfield>
      <subfield code="n">(1st :</subfield>
      <subfield code="d">1899 :</subfield>
      <subfield code="c">Hague, Netherlands)</subfield>
    </datafield>
    <datafield tag="611" ind1="2" ind2="0">
      <subfield code="a">International Peace Conference</subfield>
      <subfield code="n">(2nd :</subfield>
      <subfield code="d">1907 :</subfield>
      <subfield code="c">Hague, Netherlands)</subfield>
    </datafield>
    <datafield tag="650" ind1=" " ind2="0">
      <subfield code="a">Arbitration (International law)</subfield>
    </datafield>
    <datafield tag="700" ind1="1" ind2=" ">
      <subfield code="a">Scott, James Brown,</subfield>
      <subfield code="d">1866-1943.</subfield>
    </datafield>
    <datafield tag="903" ind1=" " ind2="5">
      <subfield code="a">Google</subfield>
      <subfield code="d">20140715</subfield>
      <subfield code="p">31924016932497</subfield>
      <subfield code="x">Google duplicate</subfield>
    </datafield>
    <datafield tag="905" ind1=" " ind2=" ">
      <subfield code="a">19930901120000.0</subfield>
    </datafield>
    <datafield tag="948" ind1="2" ind2=" ">
      <subfield code="a">20060616</subfield>
      <subfield code="b">x</subfield>
      <subfield code="d">ys268</subfield>
      <subfield code="e">lts</subfield>
      <subfield code="f">?</subfield>
      <subfield code="h">?</subfield>
    </datafield>
  </record>