
  <record>
    <leader>01155cam a2200313   4500</leader>
    <controlfield tag="001">65</controlfield>
    <controlfield tag="005">20141021232328.0</controlfield>
    <controlfield tag="008">851126r19691913nyu           100 0 eng  </controlfield>
    <datafield tag="010" ind1=" " ind2=" ">
      <subfield code="a">   13004133 </subfield>
    </datafield>
    <datafield tag="035" ind1=" " ind2=" ">
      <subfield code="a">(CStRLIN)NYCX85B133303</subfield>
    </datafield>
    <datafield tag="035" ind1=" " ind2=" ">
      <subfield code="a">(NIC)notisAAA0063</subfield>
    </datafield>
    <datafield tag="035" ind1=" " ind2=" ">
      <subfield code="a">(OCoLC)3901256</subfield>
    </datafield>
    <datafield tag="035" ind1=" " ind2=" ">
      <subfield code="a">65</subfield>
    </datafield>
    <datafield tag="040" ind1=" " ind2=" ">
      <subfield code="c">CU-AL</subfield>
      <subfield code="d">CU-AL</subfield>
      <subfield code="d">NIC</subfield>
    </datafield>
    <datafield tag="050" ind1="0" ind2=" ">
      <subfield code="a">JX1918</subfield>
      <subfield code="b">.C5</subfield>
    </datafield>
    <datafield tag="100" ind1="1" ind2=" ">
      <subfield code="a">Choate, Joseph Hodges,</subfield>
      <subfield code="d">1832-1917.</subfield>
    </datafield>
    <datafield tag="245" ind1="1" ind2="4">
      <subfield code="a">The two Hague conferences,</subfield>
      <subfield code="c">by Joseph H. Choate.</subfield>
    </datafield>
    <datafield tag="260" ind1=" " ind2=" ">
      <subfield code="a">Princeton,</subfield>
      <subfield code="b">Princeton University Press; [etc.,etc.]</subfield>
      <subfield code="c">1913.</subfield>
    </datafield>
    <datafield tag="300" ind1=" " ind2=" ">
      <subfield code="a">xiv, 109 p.</subfield>
      <subfield code="c">20 cm.</subfield>
    </datafield>
    <datafield tag="500" ind1=" " ind2=" ">
      <subfield code="a">The Stafford Little lectures for 1912.</subfield>
    </datafield>
    <datafield tag="500" ind1=" " ind2=" ">
      <subfield code="a">Reprint edition: New York, Kraus Reprints, 1969.</subfield>
    </datafield>
    <datafield tag="611" ind1="2" ind2="0">
      <subfield code="a">International Peace Conference.</subfield>
      <subfield code="n">(1st :</subfield>
      <subfield code="d">1899 :</subfield>
      <subfield code="c">Hague, Netherlands)</subfield>
    </datafield>
    <datafield tag="611" ind1="2" ind2="0">
      <subfield code="a">International Peace Conference.</subfield>
      <subfield code="n">(2nd :</subfield>
      <subfield code="d">1907 :</subfield>
      <subfield code="c">Hague, Netherlands)</subfield>
    </datafield>
    <datafield tag="611" ind1="2" ind2="7">
      <subfield code="a">International Peace Conference</subfield>
      <subfield code="2">fast</subfield>
      <subfield code="0">(OCoLC)fst01405159</subfield>
    </datafield>
    <datafield tag="905" ind1=" " ind2=" ">
      <subfield code="a">19930901120000.0</subfield>
    </datafield>
    <datafield tag="948" ind1="2" ind2=" ">
      <subfield code="a">20061102</subfield>
      <subfield code="b">y</subfield>
      <subfield code="d">ekh3</subfield>
      <subfield code="e">law</subfield>
    </datafield>
    <datafield tag="948" ind1="2" ind2=" ">
      <subfield code="a">20141016</subfield>
      <subfield code="b">m</subfield>
      <subfield code="d">batch</subfield>
      <subfield code="e">lts</subfield>
      <subfield code="x">addfast</subfield>
    </datafield>
    <datafield tag="950" ind1=" " ind2=" ">
      <subfield code="l">OLIN</subfield>
      <subfield code="a">JX1918</subfield>
      <subfield code="b">.C54</subfield>
      <subfield code="f">BASIC</subfield>
      <subfield code="h">11/26/85 N</subfield>
    </datafield>
    <datafield tag="950" ind1=" " ind2=" ">
      <subfield code="l">LAW</subfield>
      <subfield code="a">JX1918</subfield>
      <subfield code="b">.C54</subfield>
      <subfield code="f">BASIC</subfield>
      <subfield code="i">04/08/86 N</subfield>
    </datafield>
  </record>