
  <record>
    <leader>01124cam a2200313 a 4500</leader>
    <controlfield tag="001">66</controlfield>
    <controlfield tag="005">20141217161638.0</controlfield>
    <controlfield tag="008">860224s1986    xx            000 0 eng d</controlfield>
    <datafield tag="035" ind1=" " ind2=" ">
      <subfield code="a">(CStRLIN)NYCX86B22808</subfield>
    </datafield>
    <datafield tag="035" ind1=" " ind2=" ">
      <subfield code="a">(NIC)notisAAA0064</subfield>
    </datafield>
    <datafield tag="035" ind1=" " ind2=" ">
      <subfield code="a">(OCoLC)63229604</subfield>
    </datafield>
    <datafield tag="035" ind1=" " ind2=" ">
      <subfield code="a">66</subfield>
    </datafield>
    <datafield tag="040" ind1=" " ind2=" ">
      <subfield code="a">NIC</subfield>
      <subfield code="c">NIC</subfield>
    </datafield>
    <datafield tag="100" ind1="1" ind2=" ">
      <subfield code="a">Mettam, Kirk Ian,</subfield>
      <subfield code="d">1960-</subfield>
    </datafield>
    <datafield tag="245" ind1="1" ind2="3">
      <subfield code="a">An experimental investigation of fatigue cracking in welded crane runway girders due to wheel induced stresses /</subfield>
      <subfield code="c">by Kirk Ian Mettam.</subfield>
    </datafield>
    <datafield tag="260" ind1=" " ind2=" ">
      <subfield code="c">1986.</subfield>
    </datafield>
    <datafield tag="300" ind1=" " ind2=" ">
      <subfield code="a">xv, 192 leaves :</subfield>
      <subfield code="b">ill. (some col.) ;</subfield>
      <subfield code="c">28 cm.</subfield>
    </datafield>
    <datafield tag="500" ind1=" " ind2=" ">
      <subfield code="a">Typescript (photocopy)</subfield>
    </datafield>
    <datafield tag="502" ind1=" " ind2=" ">
      <subfield code="b">M.S.</subfield>
      <subfield code="c">Cornell University</subfield>
      <subfield code="d">January 1986</subfield>
    </datafield>
    <datafield tag="504" ind1=" " ind2=" ">
      <subfield code="a">Bibliography: leaves 189-192.</subfield>
    </datafield>
    <datafield tag="650" ind1=" " ind2="0">
      <subfield code="a">Metals</subfield>
      <subfield code="x">Fatigue</subfield>
    </datafield>
    <datafield tag="650" ind1=" " ind2="0">
      <subfield code="a">Girders</subfield>
      <subfield code="x">Testing</subfield>
    </datafield>
    <datafield tag="650" ind1=" " ind2="7">
      <subfield code="a">Girders</subfield>
      <subfield code="x">Testing</subfield>
      <subfield code="2">fast</subfield>
      <subfield code="0">(OCoLC)fst00942832</subfield>
    </datafield>
    <datafield tag="650" ind1=" " ind2="7">
      <subfield code="a">Metals</subfield>
      <subfield code="x">Fatigue</subfield>
      <subfield code="2">fast</subfield>
      <subfield code="0">(OCoLC)fst01018111</subfield>
    </datafield>
    <datafield tag="903" ind1=" " ind2=" ">
      <subfield code="a">Google</subfield>
      <subfield code="d">20101116</subfield>
      <subfield code="p">31924003850017</subfield>
    </datafield>
    <datafield tag="905" ind1=" " ind2=" ">
      <subfield code="a">19880603120000.0</subfield>
    </datafield>
    <datafield tag="948" ind1="2" ind2=" ">
      <subfield code="a">20141016</subfield>
      <subfield code="b">m</subfield>
      <subfield code="d">batch</subfield>
      <subfield code="e">lts</subfield>
      <subfield code="x">addfast</subfield>
    </datafield>
    <datafield tag="950" ind1=" " ind2=" ">
      <subfield code="l">ARCHV</subfield>
      <subfield code="b">\Thesis\1986\M595</subfield>
      <subfield code="i">05/16/86 C ?4820:</subfield>
    </datafield>
    <datafield tag="950" ind1=" " ind2=" ">
      <subfield code="l">ENGR</subfield>
      <subfield code="b">\Thesis\TA\10\1986\M595+</subfield>
      <subfield code="i">05/16/86 C ?4820:</subfield>
    </datafield>
  </record>