
  <record>
    <leader>01311cam a2200313   4500</leader>
    <controlfield tag="001">69</controlfield>
    <controlfield tag="005">20141021232331.0</controlfield>
    <controlfield tag="008">851126s1915    dcu           000 0 eng d</controlfield>
    <datafield tag="010" ind1=" " ind2=" ">
      <subfield code="a">   15016036 </subfield>
    </datafield>
    <datafield tag="035" ind1=" " ind2=" ">
      <subfield code="a">(CStRLIN)NYCX85B133305</subfield>
    </datafield>
    <datafield tag="035" ind1=" " ind2=" ">
      <subfield code="a">(NIC)notisAAA0067</subfield>
    </datafield>
    <datafield tag="035" ind1=" " ind2=" ">
      <subfield code="a">(OCoLC)1289389</subfield>
    </datafield>
    <datafield tag="035" ind1=" " ind2=" ">
      <subfield code="a">69</subfield>
    </datafield>
    <datafield tag="040" ind1=" " ind2=" ">
      <subfield code="a">IaU-L</subfield>
      <subfield code="c">IaU-L</subfield>
      <subfield code="d">NIC</subfield>
    </datafield>
    <datafield tag="050" ind1="0" ind2=" ">
      <subfield code="a">JX1906</subfield>
      <subfield code="b">.A3 no.4</subfield>
    </datafield>
    <datafield tag="111" ind1="2" ind2=" ">
      <subfield code="a">International Peace Conference.</subfield>
      <subfield code="n">(1st :</subfield>
      <subfield code="d">1899 :</subfield>
      <subfield code="c">Hague, Netherlands)</subfield>
    </datafield>
    <datafield tag="245" ind1="1" ind2="4">
      <subfield code="a">The Hague conventions of 1899 (I) and 1907 (I) for the pacific settlement of international disputes.</subfield>
    </datafield>
    <datafield tag="260" ind1=" " ind2=" ">
      <subfield code="a">Washington, D.C.,</subfield>
      <subfield code="b">The Endowment,</subfield>
      <subfield code="c">1915.</subfield>
    </datafield>
    <datafield tag="300" ind1=" " ind2=" ">
      <subfield code="a">iv, 48 p.</subfield>
      <subfield code="c">25 cm.</subfield>
    </datafield>
    <datafield tag="490" ind1="1" ind2=" ">
      <subfield code="a">Carnegie Endowment for International Peace.  Division of International Law.  Pamphlet,</subfield>
      <subfield code="v">no. 4</subfield>
    </datafield>
    <datafield tag="650" ind1=" " ind2="0">
      <subfield code="a">Arbitration (International law)</subfield>
    </datafield>
    <datafield tag="650" ind1=" " ind2="7">
      <subfield code="a">Arbitration (International law)</subfield>
      <subfield code="2">fast</subfield>
      <subfield code="0">(OCoLC)fst01761738</subfield>
    </datafield>
    <datafield tag="711" ind1="2" ind2=" ">
      <subfield code="a">International Peace Conference.</subfield>
      <subfield code="n">(2nd :</subfield>
      <subfield code="d">1907 :</subfield>
      <subfield code="c">Hague, Netherlands)</subfield>
    </datafield>
    <datafield tag="830" ind1=" " ind2="0">
      <subfield code="a">Pamphlet series of the Carnegie Endowment for International Peace, Division of International Law ;</subfield>
      <subfield code="v">no. 4.</subfield>
    </datafield>
    <datafield tag="905" ind1=" " ind2=" ">
      <subfield code="a">19930901120000.0</subfield>
    </datafield>
    <datafield tag="948" ind1="2" ind2=" ">
      <subfield code="a">20060707</subfield>
      <subfield code="b">y</subfield>
      <subfield code="d">njm5</subfield>
      <subfield code="e">law</subfield>
    </datafield>
    <datafield tag="948" ind1="2" ind2=" ">
      <subfield code="a">20141016</subfield>
      <subfield code="b">m</subfield>
      <subfield code="d">batch</subfield>
      <subfield code="e">lts</subfield>
      <subfield code="x">addfast</subfield>
    </datafield>
    <datafield tag="950" ind1=" " ind2=" ">
      <subfield code="l">OLIN</subfield>
      <subfield code="a">JX1906</subfield>
      <subfield code="b">.A3 no.4</subfield>
      <subfield code="f">BASIC</subfield>
      <subfield code="h">11/26/85 N</subfield>
    </datafield>
    <datafield tag="950" ind1=" " ind2=" ">
      <subfield code="l">LAW</subfield>
      <subfield code="a">JX1906</subfield>
      <subfield code="b">.A3 no.4</subfield>
      <subfield code="f">BASIC</subfield>
      <subfield code="i">01/21/86 N</subfield>
    </datafield>
  </record>